%% This BibTeX bibliography file was created using BibDesk.
%% https://bibdesk.sourceforge.io/

%% Created for Andrea Grossutti at 2020-03-08 02:19:49 +0100 


%% Saved with string encoding Unicode (UTF-8) 



@book{book:16644,
	Author = {F. Halzen and A. D. Martin},
	Date-Added = {2020-03-08 01:53:08 +0100},
	Date-Modified = {2020-03-08 02:19:39 +0100},
	Edition = {1st},
	Publisher = {Wiley},
	Title = {Quarks and leptons: introductory course in modern particle physics},
	Year = {1984},
	Bdsk-Url-1 = {http://gen.lib.rus.ec/book/index.php?md5=3bec2275686f95afb768858817bbc5a0}}

@book{book:17018,
	Author = {M. Maggiore},
	Date-Added = {2020-03-08 01:52:28 +0100},
	Date-Modified = {2020-03-08 02:19:44 +0100},
	Publisher = {Oxford University Press},
	Series = {Oxford master series in physics 12},
	Title = {A modern introduction to quantum field theory},
	Year = {2005},
	Bdsk-Url-1 = {http://gen.lib.rus.ec/book/index.php?md5=14fb1ff193792592b5a2e2d59858dbdc}}

@book{book:1171347,
	Author = {M.D. Schwartz},
	Date-Added = {2020-03-08 01:51:56 +0100},
	Date-Modified = {2020-03-08 02:17:49 +0100},
	Isbn = {9781107034730},
	Publisher = {CUP},
	Title = {Quantum Field Theory and the Standard Model},
	Year = {2013},
	Bdsk-Url-1 = {http://gen.lib.rus.ec/book/index.php?md5=1a576b5a9a4317dc31785d32a27ff011}}

@book{book:16449,
	Author = {M. E. Peskin and D. V. Schroeder},
	Date-Added = {2020-03-08 01:51:29 +0100},
	Date-Modified = {2020-03-08 02:19:24 +0100},
	Publisher = {Addison-Wesley Pub. Co},
	Series = {Frontiers in Physics},
	Title = {An introduction to quantum field theory},
	Year = {1995},
	Bdsk-Url-1 = {http://gen.lib.rus.ec/book/index.php?md5=2ff28c3d3b53792ed7887406d5f5df2f}}

@book{book:16423,
	Author = {F. Mandl and G. Shaw},
	Date-Added = {2020-03-08 01:50:54 +0100},
	Date-Modified = {2020-03-08 02:17:11 +0100},
	Publisher = {John Wiley \& Sons Inc},
	Title = {Quantum field theory},
	Year = {1984},
	Bdsk-Url-1 = {http://gen.lib.rus.ec/book/index.php?md5=512fecf33c96e31e4e0b18c192a71634}}
